<?xml version="1.0" encoding="UTF-8"?><collection xmlns="http://www.loc.gov/MARC21/slim"><record><leader>00419nam--2200157-i-4500</leader><controlfield tag="001">000012141</controlfield><controlfield tag="002">20161230</controlfield><controlfield tag="005">20170224015018</controlfield><controlfield tag="008">060222s1000------------r-----000-0-eng-d</controlfield><datafield ind1=" " ind2=" " tag="100"><subfield code="a">Cotelle, Sonia</subfield></datafield><datafield ind1=" " ind2=" " tag="245"><subfield code="a">Determination spectroscopique du numero atomique du plutonium</subfield></datafield><datafield ind1=" " ind2=" " tag="260"><subfield code="a">Paris</subfield><subfield code="b">Gauthier-villars</subfield><subfield code="c">1938</subfield></datafield><datafield ind1=" " ind2=" " tag="300"><subfield code="a">3 p</subfield></datafield><datafield ind1=" " ind2=" " tag="700"><subfield code="a">Cauchois, Yvette</subfield></datafield><datafield ind1=" " ind2=" " tag="852"><subfield code="a">546.794</subfield></datafield><datafield ind1=" " ind2=" " tag="CAT"><subfield code="a">SYS</subfield><subfield code="c">20170224</subfield><subfield code="h">015018</subfield></datafield></record></collection>